@InProceedings{001,
	author = {OLIVEIRA, G. M. B},
	title = {Apresentação em sala de aula - Algoritmos Genéticos Aplicados em
Data Mining Para Ontenção de Regras de Classificação},
	year = {2017},
	booktitle = {},
	publisher = {},
	pages = {},
	location = {}
}

@article{002,
 author = {Clay R. S. Miranda ; OLIVEIRA, G. M. B. ; SANTOS, J. B.},
 title = {Algoritmos Genéticos aplicados em Data Mining para Obtenção de Regras
 Simples e Precisas},
 journal = {SBAI2003: Simpósio Brasileiro de Automação Inteligente},
 year = {2003},
}

@article{003,
 author = {Fidelis M. V., Lopes H. S. and Freitas, A. A.},
 title = {Discovering comprehensible classification rules with a
genetic algorithm},
 journal = {Proc. Congress on Evolutionary
 Computation},
 year = {2000},
 pages = {805-810},
 address = {La Jolla, CA, USA,},
}
