@ARTICLE{585892,
author={M. Dorigo and L. M. Gambardella},
journal={IEEE Transactions on Evolutionary Computation},
title={Ant colony system: a cooperative learning approach to the traveling salesman problem},
year={1997},
volume={1},
number={1},
pages={53-66},
keywords={cooperative systems;distributed algorithms;learning (artificial intelligence);search problems;travelling salesman problems;ACS-3-opt;ant colony system;cooperating agents;cooperative learning approach;distributed algorithm;evolutionary computation;local search procedure;nature-inspired algorithms;pheromone;simulated annealing;traveling salesman problem;Ant colony optimization;Computational modeling;Distributed algorithms;Evolutionary computation;Feedback;Global communication;Helium;Legged locomotion;Simulated annealing;Traveling salesman problems},
doi={10.1109/4235.585892},
ISSN={1089-778X},
month={Apr},}
